<?xml version="1.0" encoding="UTF-8" standalone="no"?><searchRetrieveResponse xmlns="http://www.loc.gov/zing/srw/">
  <version>1.2</version>
  <numberOfRecords>278</numberOfRecords>
  <records>
    <record>
      <recordSchema>unimarcxml</recordSchema>
      <recordPacking>xml</recordPacking>
      <recordData>
        <record xmlns="info:srw/schema/8/unimarcxml-v0.1">
          <leader>     nam  22     3  450 </leader>
          <controlfield tag="001">991018817537803976</controlfield>
          <controlfield tag="005">20220511094617.0</controlfield>
          <datafield ind1="7" ind2=" " tag="024">
            <subfield code="a">urn:nbn:ch:bel-2161552</subfield>
          </datafield>
          <datafield ind1="7" ind2=" " tag="024">
            <subfield code="a">http://permalink.snl.ch/bib/sz991018817537803976</subfield>
          </datafield>
          <datafield ind1=" " ind2=" " tag="035">
            <subfield code="a">oai:nb.ingest:alma-bel-2161552</subfield>
          </datafield>
          <datafield ind1=" " ind2=" " tag="035">
            <subfield code="a">(Sz)991018817537803976</subfield>
          </datafield>
          <datafield ind1=" " ind2=" " tag="100">
            <subfield code="a">20220506d2022      uy             0</subfield>
          </datafield>
          <datafield ind1="0" ind2=" " tag="101">
            <subfield code="a">fre</subfield>
          </datafield>
          <datafield ind1=" " ind2=" " tag="135">
            <subfield code="a">ur|||||||||||</subfield>
          </datafield>
          <datafield ind1=" " ind2=" " tag="181">
            <subfield code="c">txt</subfield>
            <subfield code="2">rdacontent</subfield>
          </datafield>
          <datafield ind1=" " ind2=" " tag="182">
            <subfield code="c">c</subfield>
            <subfield code="2">rdamedia</subfield>
          </datafield>
          <datafield ind1=" " ind2=" " tag="183">
            <subfield code="a">cr</subfield>
            <subfield code="2">rdacarrier</subfield>
          </datafield>
          <datafield ind1="1" ind2="2" tag="200">
            <subfield code="a">L' « exercice mesuré des droits » et l'abus de majorité en droit suisse de la société anonyme /</subfield>
            <subfield code="f">Christophe Wilhelm, Océane Varrin</subfield>
          </datafield>
          <datafield ind1=" " ind2="1" tag="210">
            <subfield code="a">Zürich :</subfield>
            <subfield code="c">Schulthess,</subfield>
            <subfield code="d">2022</subfield>
          </datafield>
          <datafield ind1=" " ind2=" " tag="215">
            <subfield code="a">1 ressource en ligne</subfield>
          </datafield>
          <datafield ind1="0" ind2=" " tag="225">
            <subfield code="a">La Pratique du droit</subfield>
          </datafield>
          <datafield ind1=" " ind2=" " tag="676">
            <subfield code="a">340</subfield>
          </datafield>
          <datafield ind1=" " ind2=" " tag="700">
            <subfield code="a">Wilhelm</subfield>
            <subfield code="b">Christophe</subfield>
            <subfield code="4">aut</subfield>
          </datafield>
          <datafield ind1="0" ind2="2" tag="712">
            <subfield code="a">Schulthess Juristische Medien</subfield>
            <subfield code="4">pbl</subfield>
          </datafield>
          <datafield ind1=" " ind2="0" tag="801">
            <subfield code="b">Sz</subfield>
          </datafield>
          <datafield ind1="4" ind2="0" tag="856">
            <subfield code="u">https://www.schulthess.com/buchshop/detail/ISBN-9783725588619/Wilhelm-Christophe-Varrin-Oceane/L-%25AB-exercice-mesure-des-droits-%25BB-et-labus-de-majorite-en-droit-suisse-de-la-societe-anonyme-PrintPlu%25A7</subfield>
          </datafield>
          <datafield ind1="4" ind2="2" tag="856">
            <subfield code="u">http://www.e-helvetica.nb.admin.ch/directAccess?callnumber=bel-2161552</subfield>
            <subfield code="y">Aux collections numériques de la BN</subfield>
          </datafield>
          <datafield ind1="4" ind2=" " tag="856">
            <subfield code="u">https://nbn-resolving.org/urn:nbn:ch:bel-2161552</subfield>
          </datafield>
          <datafield ind1=" " ind2=" " tag="943">
            <subfield code="a">340</subfield>
          </datafield>
          <datafield ind1=" " ind2=" " tag="957">
            <subfield code="a">fre</subfield>
          </datafield>
          <datafield ind1=" " ind2=" " tag="960">
            <subfield code="a">zh</subfield>
          </datafield>
          <datafield ind1=" " ind2=" " tag="988">
            <subfield code="b">2022</subfield>
          </datafield>
          <datafield ind1=" " ind2=" " tag="989">
            <subfield code="b">2022/09</subfield>
          </datafield>
          <datafield ind1=" " ind2=" " tag="992">
            <subfield code="a">xehelv</subfield>
            <subfield code="b">xpop</subfield>
            <subfield code="c">2022</subfield>
            <subfield code="d">340</subfield>
            <subfield code="e">10751</subfield>
            <subfield code="k">zh</subfield>
          </datafield>
          <datafield ind1=" " ind2=" " tag="993">
            <subfield code="a">sb</subfield>
            <subfield code="b">2022/09</subfield>
            <subfield code="c">340</subfield>
            <subfield code="k">zh</subfield>
          </datafield>
        </record>
      </recordData>
      <recordIdentifier>991018817537803976</recordIdentifier>
      <recordPosition>1</recordPosition>
    </record>