
    <record>
      <recordSchema>unimarcxml</recordSchema>
      <recordPacking>xml</recordPacking>
      <recordData>
        <record xmlns="info:srw/schema/8/unimarcxml-v0.1">
          <leader>     nam  22     4  450 </leader>
          <controlfield tag="001">991018966037803976</controlfield>
          <controlfield tag="005">20221101110216.0</controlfield>
          <datafield ind1="7" ind2=" " tag="024">
            <subfield code="a">http://permalink.snl.ch/bib/sz991018966037803976</subfield>
          </datafield>
          <datafield ind1=" " ind2=" " tag="035">
            <subfield code="a">(Sz)991018966037803976</subfield>
          </datafield>
          <datafield ind1=" " ind2=" " tag="100">
            <subfield code="a">20180920d2022      uy             0</subfield>
          </datafield>
          <datafield ind1="0" ind2=" " tag="101">
            <subfield code="a">eng</subfield>
          </datafield>
          <datafield ind1=" " ind2=" " tag="181">
            <subfield code="c">txt</subfield>
            <subfield code="2">rdacontent</subfield>
          </datafield>
          <datafield ind1=" " ind2=" " tag="182">
            <subfield code="c">n</subfield>
            <subfield code="2">rdamedia</subfield>
          </datafield>
          <datafield ind1=" " ind2=" " tag="183">
            <subfield code="a">nc</subfield>
            <subfield code="2">rdacarrier</subfield>
          </datafield>
          <datafield ind1="1" ind2="4" tag="200">
            <subfield code="a">Die (Un-)Behandelbarkeit psychisch schwer gestörter Straftäter</subfield>
            <subfield code="e">die Abgrenzung zwischen stationärer Behandlung gemäss Art. 59 StGB und der Verwahrung gemäss Art. 64 Abs. 1 lit. b StGB /</subfield>
            <subfield code="f">Kevin Yves Sacher</subfield>
          </datafield>
          <datafield ind1=" " ind2="1" tag="210">
            <subfield code="a">Bern,</subfield>
            <subfield code="d">2022</subfield>
          </datafield>
          <datafield ind1=" " ind2=" " tag="215">
            <subfield code="a">433 Seiten ;</subfield>
            <subfield code="d">21 cm</subfield>
          </datafield>
          <datafield ind1=" " ind2=" " tag="320">
            <subfield code="a">Literaturverzeichnis</subfield>
          </datafield>
          <datafield ind1=" " ind2=" " tag="606">
            <subfield code="a">Täter</subfield>
            <subfield code="3">(DE-588)4058881-6</subfield>
            <subfield code="2">gnd</subfield>
          </datafield>
          <datafield ind1=" " ind2=" " tag="606">
            <subfield code="a">Psychische Störung</subfield>
            <subfield code="3">(DE-588)4047686-8</subfield>
            <subfield code="2">gnd</subfield>
          </datafield>
          <datafield ind1=" " ind2=" " tag="606">
            <subfield code="a">Stationäre psychiatrische Versorgung</subfield>
            <subfield code="3">(DE-588)4192301-7</subfield>
            <subfield code="2">gnd</subfield>
          </datafield>
          <datafield ind1=" " ind2=" " tag="606">
            <subfield code="a">Verwahrung</subfield>
            <subfield code="3">(DE-588)4188110-2</subfield>
            <subfield code="2">gnd</subfield>
          </datafield>
          <datafield ind1=" " ind2=" " tag="606">
            <subfield code="a">Strafrecht</subfield>
            <subfield code="3">(DE-588)4057795-8</subfield>
            <subfield code="2">gnd</subfield>
          </datafield>
          <datafield ind1=" " ind2=" " tag="607">
            <subfield code="a">Schweiz</subfield>
            <subfield code="2">gnd</subfield>
          </datafield>
          <datafield ind1=" " ind2=" " tag="608">
            <subfield code="a">Hochschulschrift</subfield>
            <subfield code="2">gnd-content</subfield>
          </datafield>
          <datafield ind1=" " ind2="7" tag="615">
            <subfield code="a">Täter</subfield>
          </datafield>
          <datafield ind1=" " ind2="7" tag="615">
            <subfield code="a">Psychische Störung</subfield>
          </datafield>
          <datafield ind1=" " ind2="7" tag="615">
            <subfield code="a">Stationäre psychiatrische Versorgung</subfield>
          </datafield>
          <datafield ind1=" " ind2="7" tag="615">
            <subfield code="a">Verwahrung</subfield>
          </datafield>
          <datafield ind1=" " ind2="7" tag="615">
            <subfield code="a">Strafrecht</subfield>
          </datafield>
          <datafield ind1=" " ind2=" " tag="676">
            <subfield code="a">340</subfield>
          </datafield>
          <datafield ind1=" " ind2=" " tag="700">
            <subfield code="a">Sacher</subfield>
            <subfield code="b">Kevin Yves</subfield>
            <subfield code="4">aut</subfield>
          </datafield>
          <datafield ind1="0" ind2="2" tag="712">
            <subfield code="a">Universität Bern</subfield>
            <subfield code="4">dgg</subfield>
          </datafield>
          <datafield ind1=" " ind2="0" tag="801">
            <subfield code="b">Sz</subfield>
          </datafield>
          <datafield ind1=" " ind2=" " tag="943">
            <subfield code="a">340</subfield>
          </datafield>
          <datafield ind1=" " ind2=" " tag="957">
            <subfield code="a">eng</subfield>
          </datafield>
          <datafield ind1=" " ind2=" " tag="960">
            <subfield code="a">be</subfield>
          </datafield>
          <datafield ind1=" " ind2=" " tag="988">
            <subfield code="b">2022</subfield>
          </datafield>
          <datafield ind1=" " ind2=" " tag="989">
            <subfield code="b">2022/21</subfield>
          </datafield>
          <datafield ind1=" " ind2=" " tag="993">
            <subfield code="a">sb</subfield>
            <subfield code="b">2022/21</subfield>
            <subfield code="c">340</subfield>
            <subfield code="k">be</subfield>
          </datafield>
          <datafield ind1=" " ind2=" " tag="994">
            <subfield code="a">seRSWK</subfield>
            <subfield code="b">2022</subfield>
          </datafield>
        </record>
      </recordData>
      <recordIdentifier>991018966037803976</recordIdentifier>
      <recordPosition>2</recordPosition>
    </record>