
    <record>
      <recordSchema>unimarcxml</recordSchema>
      <recordPacking>xml</recordPacking>
      <recordData>
        <record xmlns="info:srw/schema/8/unimarcxml-v0.1">
          <leader>     nac  22     4  450 </leader>
          <controlfield tag="001">991017989327803976</controlfield>
          <controlfield tag="005">20220923094359.0</controlfield>
          <datafield ind1="7" ind2=" " tag="024">
            <subfield code="a">http://permalink.snl.ch/bib/sz991017989327803976</subfield>
          </datafield>
          <datafield ind1=" " ind2=" " tag="035">
            <subfield code="a">(Sz)991017989327803976</subfield>
          </datafield>
          <datafield ind1=" " ind2=" " tag="100">
            <subfield code="a">20190909g20072022  uy             0</subfield>
          </datafield>
          <datafield ind1="0" ind2=" " tag="101">
            <subfield code="a">fre</subfield>
          </datafield>
          <datafield ind1=" " ind2=" " tag="181">
            <subfield code="c">txt</subfield>
            <subfield code="2">rdacontent</subfield>
          </datafield>
          <datafield ind1=" " ind2=" " tag="182">
            <subfield code="c">n</subfield>
            <subfield code="2">rdamedia</subfield>
          </datafield>
          <datafield ind1=" " ind2=" " tag="183">
            <subfield code="a">zu</subfield>
            <subfield code="2">rdacarrier</subfield>
          </datafield>
          <datafield ind1="1" ind2="0" tag="200">
            <subfield code="a">[Programmes, Université de Fribourg, Institut de droit européen]</subfield>
          </datafield>
          <datafield ind1=" " ind2="1" tag="210">
            <subfield code="a">[Fribourg] :</subfield>
            <subfield code="c">Université de Fribourg, Institut de droit européen,</subfield>
            <subfield code="d">[2007]-[2022]</subfield>
          </datafield>
          <datafield ind1=" " ind2=" " tag="676">
            <subfield code="a">340</subfield>
          </datafield>
          <datafield ind1=" " ind2="0" tag="801">
            <subfield code="b">Sz</subfield>
          </datafield>
          <datafield ind1="1" ind2=" " tag="956">
            <subfield code="a">fre</subfield>
            <subfield code="a">ger</subfield>
          </datafield>
          <datafield ind1=" " ind2=" " tag="957">
            <subfield code="a">fre</subfield>
          </datafield>
          <datafield ind1=" " ind2=" " tag="991">
            <subfield code="a">xvcoll</subfield>
            <subfield code="b">2019/09</subfield>
            <subfield code="d">jou</subfield>
          </datafield>
          <datafield ind1=" " ind2=" " tag="994">
            <subfield code="a">rpd2019</subfield>
          </datafield>
        </record>
      </recordData>
      <recordIdentifier>991017989327803976</recordIdentifier>
      <recordPosition>5</recordPosition>
    </record>
  </records>
  <nextRecordPosition>6</nextRecordPosition>
  <extraResponseData xmlns:xb="http://www.exlibris.com/repository/search/xmlbeans/">
    <xb:exact>true</xb:exact>
    <xb:responseDate>2022-11-01T15:10:57+0100</xb:responseDate>
  </extraResponseData>
</searchRetrieveResponse>